<record><leader>00000cas a22000007a 4500</leader><controlfield tag="001">22400092</controlfield><controlfield tag="008">900918d19781978nhumr ne      0    0eng d</controlfield><datafield ind1=" " ind2=" " tag="010"><subfield code="a">sn 90062379 </subfield></datafield><datafield ind1=" " ind2=" " tag="040"><subfield code="a">NVH</subfield><subfield code="b">eng</subfield><subfield code="c">NVH</subfield><subfield code="d">OCLCQ</subfield></datafield><datafield ind1=" " ind2=" " tag="042"><subfield code="a">msc</subfield></datafield><datafield ind1="0" ind2="0" tag="245"><subfield code="a">New Hampshire business world.</subfield></datafield><datafield ind1=" " ind2=" " tag="260"><subfield code="a">Keene, N.H. :</subfield><subfield code="b">Interstate Group Publications</subfield></datafield><datafield ind1=" " ind2=" " tag="300"><subfield code="a">v.</subfield></datafield><datafield ind1=" " ind2=" " tag="310"><subfield code="a">Monthly</subfield></datafield><datafield ind1="0" ind2=" " tag="362"><subfield code="a">Vol. 1, no. 1 (Feb., 1978)-v. 1, no. 5 (Sept., 1978).</subfield></datafield><datafield ind1=" " ind2=" " tag="752"><subfield code="a">United States</subfield><subfield code="b">New Hampshire</subfield><subfield code="c">Cheshire</subfield><subfield code="d">Keene.</subfield></datafield><datafield ind1="0" ind2="0" tag="785"><subfield code="t">New Hampshire business review</subfield><subfield code="w">(DLC)sn 78001647</subfield></datafield></record>